

@inproceedings{fett2016comprehensive,
  title={A comprehensive formal security analysis of OAuth 2.0},
  author={Fett, Daniel and K{\"u}sters, Ralf and Schmitz, Guido},
  booktitle={Proceedings of the 2016 ACM SIGSAC Conference on Computer and Communications Security},
  pages={1204--1215},
  year={2016}
}

@misc{horne2022tutorial,
  title={Symbolic Verification of Security Protocols: A Tutorial},
  author={Reynaldo Gil Pons and Ross Horne and Sjouke Mauw and Semen Yurkov},
  year={2022}
}

@inproceedings{o1987encryption,
  title={Encryption and ISDN-A natural fit},
  author={O’Higgins, B and Diffie, W and Strawczynski, L and De Hoog, R},
  booktitle={Proceedings of the 1987 International Switching Symposium},
  pages={863--869},
  year={1987}
}

@misc{proverif,
  author={Bruno Blanchet and Vincent Cheval and Xavier Allamigeon and Ben Smyth and Marc Sylvestre},
  title={ProVerif: cryptographic protocol verifier in the formal model},
  howpublished={\url{https://bblanche.gitlabpages.inria.fr/proverif/}},
  note = {Accessed: 2023-05-22}
}

@misc{proverifManual,
  author={Bruno Blanchet and Vincent Cheval and Ben Smyth and Marc Sylvestre},
  title={ProVerif 2.04: Automatic Cryptographic Protocol Verifier, User Manual and Tutorial},
  howpublished={\url{https://bblanche.gitlabpages.inria.fr/proverif/manual.pdf}},
  note = {Accessed: 2023-06-06}
}

@misc{solidPrimer,
  author={Jackson Morgan and Aaron Coburn and Matthieu Bosquet},
  title={Solid-OIDC Primer},
  howpublished={\url{https://solidproject.org/TR/oidc-primer}},
  note = {Accessed: 2023-06-28}
}

@misc{solid,
  author={Aaron Coburn and Elf Pavlik and Dmitri Zagidulin},
  title={Solid-OIDC},
  howpublished={\url{https://solidproject.org/TR/oidc}},
  note = {Accessed: 2023-06-05}
}

@misc{credentials,
  author={Manu Sporny and Grant Noble and Dave Longley and Daniel C. Burnett and Brent Zundel and Kyle Den Hartog },
  title={Verifiable Credentials Data Model v1.1},
  howpublished={\url{https://www.w3.org/TR/vc-data-model/#cryptography-suites-and-libraries}},
  note = {Accessed: 2023-06-05}
}

@PHDTHESIS{BlanchetHDR,
  AUTHOR = {Bruno Blanchet},
  TITLE = {Vérification automatique de protocoles cryptographiques : modèle formel et modèle calculatoire. Automatic verification of security protocols: formal model and computational model},
  SCHOOL = {Université Paris-Dauphine},
  YEAR = 2008,
  TYPE = {Mémoire d'habilitation à diriger des recherches},
  MONTH = NOV,
  NOTE = {En français avec publications en anglais en annexe. In French with publications in English in appendix.}
}

@misc{csrfImage,
  title={Cross site request forgery (CSRF) attack},
  howpublished={\url{https://www.imperva.com/learn/application-security/csrf-cross-site-request-forgery/?utm_source=google&utm_medium=cpc&utm_campaign=sw-waf-nord&utm_content=&utm_term=cross-site\%20request\%20forgery&gad=1&gclid=Cj0KCQjwnf-kBhCnARIsAFlg490xjzyAGD5QseM7KR0bh6FaJ7Bec8EIn4D_dQPVo7BwehSX_8YK-DwaArX6EALw_wcB}},
  note = {Accessed: 2023-07-01}
}

@misc{solidImage,
  title={Solid Pods},
  howpublished={\url{https://www.inrupt.com/products/enterprise-solid-server}},
  note = {Accessed: 2023-07-08}
}

@misc{csrf,
  title={Cross-site request forgery (CSRF)},
  howpublished={\url{https://portswigger.net/web-security/csrf}},
  note = {Accessed: 2023-07-01}
}

@misc{githubChristoph,
  title={Github containing SISSI Authentication and Authorization Protocols},
  howpublished={\url{https://github.com/uvdsl/proverif-sissi}},
  note = {Accessed: 2023-07-03}
}

@misc{githubGilles,
  title={Github containing SOIDC and VC ProVerif Models},
  howpublished={\url{https://github.com/g-schaus/proverif-soidc-and-vc}},
  note = {Accessed: 2023-07-03}
}

@misc{solidWebsite,
  title={Solid},
  howpublished={\url{https://www.inrupt.com/solid}},
  note = {Accessed: 2023-07-08}
}